<record><leader>00000cas a22000007a 4500</leader><controlfield tag="001">32340587</controlfield><controlfield tag="008">950420d18951897cauwr ne      0    0eng d</controlfield><datafield ind1=" " ind2=" " tag="010"><subfield code="a">sn 95061713 </subfield></datafield><datafield ind1=" " ind2=" " tag="040"><subfield code="a">CNK</subfield><subfield code="b">eng</subfield><subfield code="c">CNK</subfield><subfield code="d">OCLCQ</subfield><subfield code="d">OCLCF</subfield><subfield code="d">OCLCO</subfield></datafield><datafield ind1="1" ind2=" " tag="029"><subfield code="a">AU@</subfield><subfield code="b">000011677291</subfield></datafield><datafield ind1=" " ind2=" " tag="042"><subfield code="a">msc</subfield></datafield><datafield ind1="0" ind2="4" tag="245"><subfield code="a">The weekly sun and weekly San Diegan.</subfield></datafield><datafield ind1="1" ind2="3" tag="246"><subfield code="a">Weekly San Diegan-sun</subfield></datafield><datafield ind1=" " ind2=" " tag="260"><subfield code="a">San Diego, Calif. :</subfield><subfield code="b">San Diegan-Sun Pub. Co.</subfield></datafield><datafield ind1=" " ind2=" " tag="300"><subfield code="a">v.</subfield></datafield><datafield ind1=" " ind2=" " tag="310"><subfield code="a">Weekly</subfield></datafield><datafield ind1="0" ind2=" " tag="362"><subfield code="a">Vol. 18, no. 7 (May 16, 1895)-v. 19, no. 51 (Mar. 4, 1897).</subfield></datafield><datafield ind1=" " ind2="0" tag="651"><subfield code="a">San Diego (Calif.)</subfield><subfield code="v">Newspapers.</subfield></datafield><datafield ind1=" " ind2="7" tag="655"><subfield code="a">Newspapers.</subfield><subfield code="2">fast</subfield><subfield code="0">(OCoLC)fst01423814</subfield></datafield><datafield ind1=" " ind2="7" tag="651"><subfield code="a">California</subfield><subfield code="z">San Diego.</subfield><subfield code="2">fast</subfield><subfield code="0">(OCoLC)fst01205232</subfield></datafield><datafield ind1=" " ind2=" " tag="752"><subfield code="a">United States</subfield><subfield code="b">California</subfield><subfield code="c">San Diego</subfield><subfield code="d">San Diego.</subfield></datafield><datafield ind1="0" ind2=" " tag="775"><subfield code="t">San Diego sun and daily San Diegan</subfield><subfield code="w">(DLC)sn 95061710</subfield></datafield><datafield ind1="0" ind2="0" tag="780"><subfield code="t">Weekly San Diegan-sun</subfield><subfield code="w">(DLC)sn 95061712</subfield></datafield><datafield ind1="0" ind2="0" tag="785"><subfield code="t">Weekly San Diegan-sun (San Diego, Calif. : 1897)</subfield><subfield code="w">(DLC)sn 95061714</subfield></datafield></record>